@inproceedings{gailliard2007transaction,
title={Transaction level modelling of SCA compliant software defined radio waveforms and platforms PIM/PSM},
  author={Gailliard, Gr{\'e}gory and Nicollet, Eric and Sarlotte, Michel and Verdier, Fran{\c{c}}ois},
  booktitle={2007 Design, Automation \& Test in Europe Conference \& Exhibition},
  pages={1--6},
  year={2007},
  organization={IEEE}
}
@incollection{joshi2019sentiment,
title={Sentiment Analysis on WhatsApp Group Chat Using R},
  author={Joshi, Sunil},
  booktitle={Data, Engineering and Applications},
  pages={47--55},
  year={2019},
  publisher={Springer}
}
@article{shen2020helping,
title={Helping the Ineloquent Farmers: Finding Experts for Questions With Limited Text in Agricultural Q\&A Communities},
  author={Shen, Xiaoxue and Jia, Adele Lu and Shen, Siqi and Dou, Yong},
  journal={IEEE Access},
  volume={8},
  pages={62238--62247},
  year={2020},
  publisher={IEEE}
}
@article{zeng2020machine,
  title={A machine learning model for detecting invasive ductal carcinoma with Google Cloud AutoML Vision},
  author={Zeng, Yan and Zhang, Jinmiao},
  journal={Computers in Biology and Medicine},
  pages={103861},
  year={2020},
  publisher={Elsevier}
}
@incollection{singh2020plantdoc,
  title={PlantDoc: a dataset for visual plant disease detection},
  author={Singh, Davinder and Jain, Naman and Jain, Pranjali and Kayal, Pratik and Kumawat, Sudhakar and Batra, Nipun},
  booktitle={Proceedings of the 7th ACM IKDD CoDS and 25th COMAD},
  pages={249--253},
  year={2020}
}
@article{jain2018farmchat,
  title={FarmChat: A Conversational Agent to Answer Farmer Queries},
  author={Jain, Mohit and Kumar, Pratyush and Bhansali, Ishita and Liao, Q Vera and Truong, Khai and Patel, Shwetak},
  journal={Proceedings of the ACM on Interactive, Mobile, Wearable and Ubiquitous Technologies},
  volume={2},
  number={4},
  pages={1--22},
  year={2018},
  publisher={ACM New York, NY, USA}
}
@inproceedings{deng2009imagenet,
  title={Imagenet: A large-scale hierarchical image database},
  author={Deng, Jia and Dong, Wei and Socher, Richard and Li, Li-Jia and Li, Kai and Fei-Fei, Li},
  booktitle={2009 IEEE conference on computer vision and pattern recognition},
  pages={248--255},
  year={2009},
  organization={Ieee}
}
@inproceedings{yan2016building,
  title={Building a chatbot with serverless computing},
  author={Yan, Mengting and Castro, Paul and Cheng, Perry and Ishakian, Vatche},
  booktitle={Proceedings of the 1st International Workshop on Mashups of Things and APIs},
  pages={1--4},
  year={2016}
}
@inproceedings{sardogan2018plant,
  title={Plant leaf disease detection and classification based on CNN with LVQ algorithm},
  author={Sardogan, Melike and Tuncer, Adem and Ozen, Yunus},
  booktitle={2018 3rd International Conference on Computer Science and Engineering (UBMK)},
  pages={382--385},
  year={2018},
  organization={IEEE}
}
@inproceedings{militante2019plant,
  title={Plant Leaf Detection and Disease Recognition using Deep Learning},
  author={Militante, Sammy V and Gerardo, Bobby D and Dionisio, Nanette V},
  booktitle={2019 IEEE Eurasia Conference on IOT, Communication and Engineering (ECICE)},
  pages={579--582},
  year={2019},
  organization={IEEE}
}
@inproceedings{ahmady2020telegram,
  title={Telegram-Based Chatbot Application for Foreign People in Japan to Share Disaster-Related Information in Real-Time},
  author={Ahmady, Sayed Ehsanullah and Uchida, Osamu},
  booktitle={2020 5th International Conference on Computer and Communication Systems (ICCCS)},
  pages={177--181},
  year={2020},
  organization={IEEE}
}
@inproceedings{albayrak2018overview,
  title={An overview of artificial intelligence based chatbots and an example chatbot application},
  author={Albayrak, Naz and {\"O}zdemir, Aydeniz and Zeydan, Engin},
  booktitle={2018 26th Signal processing and communications applications conference (SIU)},
  pages={1--4},
  year={2018},
  organization={IEEE}
}
@inproceedings{maldonado2019natural,
  title={Natural Language Interface to Database Using the DialogFlow Voice Recognition and Text Conversion API},
  author={Maldonado, Julio Alejandro Villeda and Cuadra, Jos{\'e} Arturo Gaona},
  booktitle={2019 8th International Conference On Software Process Improvement (CIMPS)},
  pages={1--10},
  year={2019},
  organization={IEEE}
}
@inproceedings{salvi2019jamura,
  title={Jamura: A Conversational Smart Home Assistant Built on Telegram and Google Dialogflow},
  author={Salvi, Sanket and Geetha, V and Kamath, S Sowmya},
  booktitle={TENCON 2019-2019 IEEE Region 10 Conference (TENCON)},
  pages={1564--1571},
  year={2019},
  organization={IEEE}
}
@inproceedings{castro2017serverless,
  title={Serverless programming (function as a service)},
  author={Castro, Paul and Ishakian, Vatche and Muthusamy, Vinod and Slominski, Aleksander},
  booktitle={2017 IEEE 37th International Conference on Distributed Computing Systems (ICDCS)},
  pages={2658--2659},
  year={2017},
  organization={IEEE}
}
@article{sheth2019cognitive,
  title={Cognitive services and intelligent chatbots: current perspectives and special issue introduction},
  author={Sheth, Amit and Yip, Hong Yung and Iyengar, Arun and Tepper, Paul},
  journal={IEEE Internet Computing},
  volume={23},
  number={2},
  pages={6--12},
  year={2019},
  publisher={IEEE}
}
@inproceedings{bharti2020medbot,
  title={Medbot: Conversational Artificial Intelligence Powered Chatbot for Delivering Tele-Health after COVID-19},
  author={Bharti, Urmil and Bajaj, Deepali and Batra, Hunar and Lalit, Shreya and Lalit, Shweta and Gangwani, Aayushi},
  booktitle={2020 5th International Conference on Communication and Electronics Systems (ICCES)},
  pages={870--875},
  year={2020},
  organization={IEEE}
}
@inproceedings{nagarajah2019review,
  title={A Review on Automated Machine Learning (AutoML) Systems},
  author={Nagarajah, Thiloshon and Poravi, Guhanathan},
  booktitle={2019 IEEE 5th International Conference for Convergence in Technology (I2CT)},
  pages={1--6},
  year={2019},
  organization={IEEE}
}
@article{sulistyantoeffectiveness,
  title={The Effectiveness of Using Bot Telegram in Teaching Reading Narrative Text at the Tenth Grade of SMAN 1 Grogol Kediri},
  author={Sulistyanto, Irwan and Prellani, Nindy}
}
@article{botscognitive,
  title={Cognitive Virtual Assistants Using Google Dialogflow},
  author={Bots, Develop Complex Cognitive and Sabharwal, Navin and Agrawal, Amit},
  publisher={Springer}
}
@incollection{sabharwal2020introduction,
  title={Introduction to Google Dialogflow},
  author={Sabharwal, Navin and Agrawal, Amit},
  booktitle={Cognitive Virtual Assistants Using Google Dialogflow},
  pages={13--54},
  year={2020},
  publisher={Springer}
}
@inproceedings{bhattacharya2019remote,
  title={Remote cardiovascular health monitoring system with auto-diagnosis},
  author={Bhattacharya, Budhaditya and Mohapatra, Saurav and Mukhopadhyay, Arka Provo and Sah, Sunderam},
  booktitle={2019 International Conference on Vision Towards Emerging Trends in Communication and Networking (ViTECoN)},
  pages={1--5},
  year={2019},
  organization={IEEE}
}
@inproceedings{sauglam2016developing,
  title={Developing Turkish sentiment lexicon for sentiment analysis using online news media},
  author={Sa{\u{g}}lam, Fatih and Sever, Hayri and Gen{\c{c}}, Burkay},
  booktitle={2016 IEEE/ACS 13th International Conference of Computer Systems and Applications (AICCSA)},
  pages={1--5},
  year={2016},
  organization={IEEE}
}
@book{lee2018voice,
  title={Voice User Interface Projects: Build voice-enabled applications using Dialogflow for Google Home and Alexa Skills Kit for Amazon Echo},
  author={Lee, Henry},
  year={2018},
  publisher={Packt Publishing Ltd}
}
@article{thorat2020review,
  title={https://gitlab.computing.dcu.ie/pandeya4/2020-mcm-master/blob/master/docs/documentation/Appendix.pdf},
}
